<?xml version="1.0" encoding="UTF-8"?><collection xmlns="http://www.loc.gov/MARC21/slim"><record><leader>00424nam--2200169-i-4500</leader><controlfield tag="001">000015318</controlfield><controlfield tag="002">20161230</controlfield><controlfield tag="005">20170116004630</controlfield><controlfield tag="008">060222s1000------------r-----000-0-eng-d</controlfield><datafield ind1=" " ind2=" " tag="080"><subfield code="a">66.023.001</subfield></datafield><datafield ind1=" " ind2=" " tag="100"><subfield code="a">Bogza, Grigore</subfield></datafield><datafield ind1=" " ind2=" " tag="245"><subfield code="a">Aplicatii la calculul reactorilor chimici</subfield></datafield><datafield ind1=" " ind2=" " tag="260"><subfield code="a">Bucuresti</subfield><subfield code="b">Ed. Tehnica</subfield><subfield code="c">1984</subfield></datafield><datafield ind1=" " ind2=" " tag="300"><subfield code="a">404 p</subfield></datafield><datafield ind1=" " ind2=" " tag="700"><subfield code="a">Muntean, Ovidiu</subfield></datafield><datafield ind1=" " ind2=" " tag="852"><subfield code="a">72034</subfield></datafield><datafield ind1=" " ind2=" " tag="CAT"><subfield code="a">SYS</subfield><subfield code="c">20170116</subfield><subfield code="h">004630</subfield></datafield></record></collection>